@article{gedcke2001dealing,
  title={Dealing with dead time distortion in a time digitizer},
  author={Gedcke, DA},
  journal={ORTEC Application Note AN57},
  year={2001}
}
